@article{malaysia,
    author        = {Kiambang Nik},
    title         = {Tenaga out to short-circuit electricity thefts},
    journaltitle  = {Malay Mail},
    year          = {1999},
	month		  = {1}
}

@article{theftanalysis,
  author  = {Thomas B. Smith}, 
  title   = {Electricity theft: a comparative analysis},
  journal = {Energy Policy},
  year    = 2004,
  number  = 18,
  pages   = {2067-2076},
  volume  = 32
}

@article{netherlands,
  author  = {P. Kadurek, J. Blom, J. F. G. Cobben and W.L.Kling}, 
  title   = {Theft detection and smart metering practices and expectations in the Netherlands},
  journal = {Innovative Smart Grid Technologies Conference Europe},
  year    = 2010,
  pages   = {1-2},
  note	  = {IEEE}
}

@conference{netherland,
  author       = {P. Kadurek, J. Blom, J. F. G. Cobben and W.L.Kling}, 
  title        = {Theft detection and smart metering practices and expectations in the Netherlands},
  booktitle    = {Innovative Smart Grid Technologies Conference Europe},
  year         = 2010,
  pages        = 1,
  organization = {IEEE},
}


@online{mathworkstrend,
    author        = {Mathworks},
    title         = {Parametric Trend Estimation},
    year          = {2017},
    url           = {https://www.mathworks.com/help/econ/parametric-trend-estimation.html},
	note 		  = {Accessed: 4 August 2017}
	}

@book{timeseriesanalysis,
    author        = {George E. P. Box, Gwilym M. Jenkins, Gregory C. Reinsel and Greta M. Ljung},
    title         = {Time Series Analysis: Forecasting and Control},
    year          = {2016},
    publisher     = {Wiley},
    location      = {New Jersey}
}

@online{stationarity,
    author        = {Rob J. Hyndman and George Athanasopoulos},
    title         = {Forecasting: principles and practice},
    year          = {2012},
    url           = {https://www.otexts.org/fpp},
	note 		  = {Accessed: 5 August 2017}
}

@conference{india,
  author       = {S. De, R. Anand, A. Naveen and S. Moinuddin}, 
  title        = {E-metering solution for checking energy thefts and streamlining revenue collection in India},
  booktitle    = {Transmission and Distribution Conference and Exposition},
  year         = 2003,
  pages        = {654-658},
  organization = {IEEE},
}

@manual{regulation,
  title        = {Smart Metering with a Focus on Electricity Regulation}, 
  organization = {ERGEG},
  year         = 2007,
  note         = {E07-RMF-04-03}
}

@manual{tacis,
  title        = {Improving Residential Electricity Services}, 
  organization = {TACIS},
  year         = 1998,
  note         = {Tacis Technical Dissemination Project}
}

@conference{mkhwanazi,
  author       = {Mkhwanazi}, 
  title        = {Electricity as a birthright and the problem of non-payment},
  booktitle    = {Third Annual South Africa Revenue Protection Conference},
  year         = 1999
}

@book{artoftradeoff,
  author    = {Micheal J. North and Charles M. Macal}, 
  title     = { Managing Business Complexity: Discovering Strategic Solutions with Agent-Based Modeling and Simulation},
  publisher = {Oxford University Press},
  year      = 2007,
  address   = {New York},
  note      = {ch. 2, Other angles on Nondeterminism},
}

@conference{reduceloss,
  author       = {P. Antmann}, 
  title        = {Reducing Technical and Non-Technical Losses in the Power Sector},
  booktitle    = {Transmission and Distribution Conference and Exposition},
  year         = 2009,
  pages 	   = {24-26},
  organization = {World Bank}
}

@online{learningstyle,
    author        = {Jason Brownlee},
    title         = {A Tour of Machine Learning Algorithms},
    year          = {2013},
    url           = {http://machinelearningmastery.com/a-tour-of-machine-learning-algorithms/},
	note 		  = {Accessed: 5 August 2017}
}

@conference{propab,
  author       = {S. Axelsson}, 
  title        = {The Base-Rate Fallacy and its Implications for the Difficulty of Intrusion Detection},
  booktitle    = {CCS '99 Proceedings of the 6th ACM conference on Computer and communications security},
  year         = 1999,
  pages 	   = {1-7},
  organization = {Computer and Communications Security}
}

@online{cer,
    author        = {Commission for Energy Regulation},
    title         = {General Information},
    url           = {http://www.cer.ie/about-cer/general-information},
	note 		  = {Accessed: 24 August 2017}
}

@conference{rawdataNN,
  author       = {V. Ford, A. Siraj and W. Eberle}, 
  title        = {Smart Grid Energy Fraud Detection Using Articial NeuralComputational Intelligence Applications in Smart Grid (CIASG)Transmission and Distribution Conference and Exposition},
  year         = 2014,
  pages 	   = {2-4},
  organization = {IEEE}
}

@online{miningOracle,
    author        = {Oracle},
    title         = {Data Mining Concepts},
    url           = {https://docs.oracle.com/cd/B28359_01/datamine.111/b28129/process.htm#DMCON002},
	note 		  = {Accessed: 24 August 2017}
}

@online{histogram,
    author        = {James J. Filliben and Alan Heckert},
    title         = {NIST/SEMATECH eHandbook of Statistical Methods},
    url           = {http://www.itl.nist.gov/div898/handbook/eda/section3/histogra.htm},
	note 		  = {Accessed: 25 August 2017}
}

@online{betadstr,
    author        = {Paul Johnson and Matt Beverlin},
    title         = {Beta Distribution},
	year		  = {2013}
    url           = {http://pj.freefaculty.org/guides/stat/Distributions/DistributionWriteups/Beta/Beta.pdf},
	note 		  = {Accessed: 25 August 2017}
}

@article{conspatterns,
  author  = {Paria Jokar, Nasim Arianpoo and Victor C. M. Leung}, 
  title   = {Electricity Theft Detection in AMI Using Customers’ Consumption Patterns},
  journal = {Innovative Smart Grid Technologies Conference Europe},
  year    = 2016,
  pages   = {216-226},
  volume  = 7,
  note	  = {IEEE}
}

@article{liblinearguide,
  author  = {Rong-En Fan, Kai-Wei Chang, Cho-Jui Hsieh, Xiang-Rui Wang and Chih-Jen Lin}, 
  title   = {LIBLINEAR: A Library for Large Linear Classification},
  journal = {Journal of Machine Learning Research},
  year    = 2008,
  pages   = {1871-1874},
  volume  = 9
}

@techreport{liblinearreport,
  author       = {C.-Y. Hsia, Y. Zhu and Chih-Jen Lin}, 
  title        = {A Study on Trust Region Update Rules in Newton Methods for Large-scale Linear Classification},
  institution  = {JMLR},
  year         = 2017
}

@conference{giwrgis,
  author       = {G. Messinis and  A. Dimeas}, 
  title        = {Utilizing smart meter data for electricity fraud},
  booktitle    = {First South East European Region CIGRE Conference},
  year         = 2014,
  pages 	   = {2-4},
  organization = {CIGRE}
}

@article{libsvmguide,
  author  = {Paria Jokar, Nasim Arianpoo and Victor C. M. Leung}, 
  title   = {A Practical Guide to Support Vector Classification},
  year    = 2003,
  pages   = {1-3 12-16},
  volume  = 7,
  note	  = {University of Freiburg}
}

@online{aihorizon,
    author        = {Paul Johnson and Matt Beverlin},
    title         = {Machine Learning, Part II: Supervised and Unsupervised Learning},
    url           = {http://www.aihorizon.com/essays/generalai/supervised_unsupervised_machine_learning.htm},
	note 		  = {Accessed: 1 September 2017}
}

@techreport{Anomaly,
  author       = {V. Chandola, A. Banerjee, V. Kumar}, 
  title        = {Anomaly Detection: A Survey},
  institution  = {ACM Computing Surveys},
  year         = 2009,
  pages 	   = {6-8}
}

@phdthesis{PCAtutorial,
  author       = {Jon Shlens}, 
  title        = {A Tutorial on Principal Component Analysis},
  school       = {Princeton University},
  year         = 1993,
}

@online{pythonpca,
    author        = {Plotly},
    title         = {Principal Component Analysis in Python},
    url           = {https://plot.ly/ipython-notebooks/principal-component-analysis/},
	note 		  = {Accessed: 4 September 2017}
}

@article{clustercomparison,
  author  = {Osama Abu Abbas}, 
  title   = {Comparisons Between Data Clustering Algorithms},
  year    = 2008,
  pages   = {3-4},
  note	  = {Yarmouk University}
}

@book{haykin,
  author    = {Simon Haykin}, 
  title     = {Νευρωνικά Δίκτυα και Μηχανική Μάθηση},
  publisher = {Παπασωτηρίου},
  year      = 2010,
  pages		= {244-245 276-280},
  address   = {Αθήνα},
}

@online{energypress,
    author        = {Θοδωρής Παναγούλης},
    title         = {«Εγχειρίδιο» από τη ΡΑΕ για την αντιμετώπιση των όλο και περισσότερων ρευματοκλοπών},
    url           = {https://energypress.gr/news/egheiridio-apo-ti-rae-gia-tin-antimetopisi-ton-olo-kai-perissoteron-reymatoklopon},
	note 		  = {Accessed: 6 August 2017}
}

@manual{rae,
  title        = {Εγχειρίδιο Ρευματοκλοπών σε εφαρμογή της παραγράφου 23 του άρθρου 95 του Κώδικα Διαχείρισης Δικτύου Διαχείρισης Διανομής Ηλεκτρικής Ενέργειας},
  organization = {ΡΑΕ},
  month        = 5,
  year         = 2017,
  note         = {Εφημερίδα της κυβερνήσεως της Ελληνικής Δημοκρατίας}
}

@manual{dehfraud,
  title        = {To Κόστος των Ρευματοκλοπών},
  organization = {ΔΕΗ},
  month        = 5,
  year         = 2017,
  note         = {Δελτίο τύπου 552017}
}

@article{fuzzyclustering,
  author  = {Αντώνης Νείρου}, 
  title   = {Ανάπτυξη μεθόδων ασαφούς συσταδοποίησης για τη μοντελοποίηση νευρωνικών δικτύων συναρτήσεων ακτινικής βάσης},
  year    = 2011,
  pages   = {54-59},
  note	  = {Πανεπιστήμιο Αιγαίου}
}