@article{WITHYCOMBE1989547,
title = "Forecasting with combined seasonal indices",
journal = "International Journal of Forecasting",
volume = "5",
number = "4",
pages = "547 - 552",
year = "1989",
note = "",
issn = "0169-2070",
doi = "http://dx.doi.org/10.1016/0169-2070(89)90010-1",
url = "http://www.sciencedirect.com/science/article/pii/0169207089900101",
author = "Richard Withycombe",
keywords = "Forecasting",
keywords = "Seasonal multivariate"
}