@inbook{7bbfd6bb156749e8b7caad536d020100,
title = "Generalizing the Theta model",
author = "K Nikolopoulos and V Assimakopoulos",
year = "2004",
booktitle = "International Symposium on Forecasting ISF (Sydney ) - 2004",
publisher = "unknown",

}
