@inproceedings{james1961,
address = "Berkeley, Calif.",
author = "James, W. and Stein, Charles",
booktitle = "Proceedings of the Fourth Berkeley Symposium on Mathematical Statistics and Probability, Volume 1: Contributions to the Theory of Statistics",
pages = "361--379",
publisher = "University of California Press",
title = "Estimation with Quadratic Loss",
url = "http://projecteuclid.org/euclid.bsmsp/1200512173",
year = "1961"
}


