@article{DEGOOIJER2006443,
title = "25 years of time series forecasting",
journal = "International Journal of Forecasting",
volume = "22",
number = "3",
pages = "443 - 473",
year = "2006",
note = "Twenty five years of forecasting",
issn = "0169-2070",
doi = "http://dx.doi.org/10.1016/j.ijforecast.2006.01.001",
url = "http://www.sciencedirect.com/science/article/pii/S0169207006000021",
author = "Jan G. De Gooijer and Rob J. Hyndman",
keywords = "Accuracy measures",
keywords = "ARCH",
keywords = "ARIMA",
keywords = "Combining",
keywords = "Count data",
keywords = "Densities",
keywords = "Exponential smoothing",
keywords = "Kalman filter",
keywords = "Long memory",
keywords = "Multivariate",
keywords = "Neural nets",
keywords = "Nonlinearity",
keywords = "Prediction intervals",
keywords = "Regime-switching",
keywords = "Robustness",
keywords = "Seasonality",
keywords = "State space",
keywords = "Structural models",
keywords = "Transfer function",
keywords = "Univariate",
keywords = "VAR"
}