@article{HOLT20045,
title = "Forecasting seasonals and trends by exponentially weighted moving averages",
journal = "International Journal of Forecasting",
volume = "20",
number = "1",
pages = "5 - 10",
year = "2004",
note = "",
issn = "0169-2070",
doi = "http://dx.doi.org/10.1016/j.ijforecast.2003.09.015",
url = "http://www.sciencedirect.com/science/article/pii/S0169207003001134",
author = "Charles C. Holt",
keywords = "Exponential smoothing",
keywords = "Forecasting",
keywords = "Local seasonals",
keywords = "Local trends"
}