




@article{doi:10.1080/03610926.2011.560741,
author = { Marcin   Kozak },
title = {“A Dendrite Method for Cluster Analysis” by Caliński and Harabasz: A Classical Work that is Far Too Often Incorrectly Cited},
journal = {Communications in Statistics - Theory and Methods},
volume = {41},
number = {12},
pages = {2279-2280},
year = {2012},
doi = {10.1080/03610926.2011.560741},

URL = { 
        http://dx.doi.org/10.1080/03610926.2011.560741
    
},
eprint = { 
        http://dx.doi.org/10.1080/03610926.2011.560741
    
}

}


