@article{Assimakopoulos2000,
  doi = {10.1016/s0169-2070(00)00066-2},
  url = {https://doi.org/10.1016/s0169-2070(00)00066-2},
  year  = {2000},
  month = {oct},
  publisher = {Elsevier {BV}},
  volume = {16},
  number = {4},
  pages = {521--530},
  author = {V. Assimakopoulos and K. Nikolopoulos},
  title = {The theta model: a decomposition approach to forecasting},
  journal = {International Journal of Forecasting}
}
