@ARTICLE{1056489,
author={S. Lloyd},
journal={IEEE Transactions on Information Theory},
title={Least squares quantization in PCM},
year={1982},
volume={28},
number={2},
pages={129-137},
keywords={Least-squares approximation;PCM communication;Quantization (signal);Signal quantization},
doi={10.1109/TIT.1982.1056489},
ISSN={0018-9448},
month={March},}

@ARTICLE{RePEc:for:ijafaa:y:2007:i:6:p:12-15,
title = {Minimum Sample Size requirements for Seasonal Forecasting Models},
author = {Hyndman, Rob and Kostenko, Andrey V.},
year = {2007},
journal = {Foresight: The International Journal of Applied Forecasting},
number = {6},
pages = {12-15},
url = {http://EconPapers.repec.org/RePEc:for:ijafaa:y:2007:i:6:p:12-15}
}

@article{WITHYCOMBE1989547,
  title = {Forecasting with combined seasonal indices},
  journal = {International Journal of Forecasting},
  volume = {5},
  number = {4},
  pages = {547 - 552},
  year = {1989},
  note = {},
  issn = {0169-2070},
  doi = {http://dx.doi.org/10.1016/0169-2070(89)90010-1},
  url = {http://www.sciencedirect.com/science/article/pii/0169207089900101},
  author = {Richard Withycombe},
  keywords = {Forecasting},
  keywords = {Seasonal multivariate}
}

@article{10.2307/1392565,
  ISSN = {07350015},
  URL = {http://www.jstor.org/stable/1392565},
  author = {David F. Findley and Brian C. Monsell and William R. Bell and Mark C. Otto and Bor-Chung Chen},
  journal = {Journal of Business \& Economic Statistics},
  number = {2},
  pages = {127-152},
  publisher = {[American Statistical Association, Taylor \& Francis, Ltd.]},
  title = {New Capabilities and Methods of the X-12-ARIMA Seasonal-Adjustment Program},
  volume = {16},
  year = {1998}
}

@article{10.2307/2628137,
  ISSN = {00251909, 15265501},
  URL = {http://www.jstor.org/stable/2628137},
  author = {C. Carl Pegels},
  journal = {Management Science},
  number = {5},
  pages = {311-315},
  publisher = {INFORMS},
  title = {Exponential Forecasting: Some New Variations},
  volume = {15},
  year = {1969}
}

@book{petropoulos,
  title={\textgreek{Επιχειρησιακές Προβλέψεις}},
  author={\textgreek{Φώτιος Πετρόπουλος, Βασίλειος Ασημακόπουλος}},
  issn={978-960-266-333-2},
  year={2011},
  publisher={\textgreek{Συμμετρία}}
}

@article{article,
  author = {R. Winters, Peter},
  year = {1960},
  month = {04},
  pages = {324-342},
  title = {Forecasting Sales by Exponentially Weighted Moving Averages},
  volume = {6},
  booktitle = {Management Science}
}

@INPROCEEDINGS{Ester96adensity-based,
  author = {Martin Ester and Hans-Peter Kriegel and Jörg Sander and Xiaowei Xu},
  title = {A density-based algorithm for discovering clusters in large spatial databases with noise},
  booktitle = {},
  year = {1996},
  pages = {226--231},
  publisher = {AAAI Press}
}

@article {FOR:FOR3980040103,
  author = {Gardner, Everette S.},
  title = {Exponential smoothing: The state of the art},
  journal = {Journal of Forecasting},
  volume = {4},
  number = {1},
  publisher = {John Wiley \& Sons, Ltd.},
  issn = {1099-131X},
  url = {http://dx.doi.org/10.1002/for.3980040103},
  doi = {10.1002/for.3980040103},
  pages = {1--28},
  keywords = {Bibliography—exponential smoothing, Comparative methods—ARIMA, exponential smoothing, Control charts—CUSUM, Evaluation—forecast monitoring systems, exponential smoothing, adaptive, Exponential smoothing—adaptive, coefficient choice, higher-order, review, theory, Seasonality—estimation, harmonics Tracking signal—methodology, Use—inventory control},
  year = {1985},
}


@inbook{7bbfd6bb156749e8b7caad536d020100,
  title = {Generalizing the Theta model},
  author = {K Nikolopoulos and V Assimakopoulos},
  year = {2004},
  booktitle = {International Symposium on Forecasting ISF (Sydney ) - 2004},
  publisher = {unknown},

}
@inproceedings{james1961,
  address = {Berkeley, Calif.},
  author = {James, W. and Stein, Charles},
  booktitle = {Proceedings of the Fourth Berkeley Symposium on Mathematical Statistics and Probability, Volume 1: Contributions to the Theory of Statistics},
  pages = {361--379},
  publisher = {University of California Press},
  title = {Estimation with Quadratic Loss},
  url = {http://projecteuclid.org/euclid.bsmsp/1200512173},
  year = {1961}
}


@misc{numpy,
  author = {NumPy Developers},
  title = {NumPy},
  year = 2017,
  url = {www.numpy.org},
  urldate = {2017-07-18}
}

@misc{pandas,
  author = {Lambda Foundry, Inc. and PyData Development Team},
  title = {Pandas},
  year = 2017,
  url = {http://pandas.pydata.org/},
  urldate = {2017-07-18}
}

@misc{scikit-learn,
  author = {scikit-learn developers},
  title = {scikit-learn},
  year = 2017,
  url = {www.scikit-learn.org},
  urldate = {2017-07-18}
}

@misc{matplotlib,
  author = {Matplotlib Development Team (“MDT”)},
  title = {Matplotlib},
  year = 2017,
  url = {www.matplotlib.org},
  urldate = {2017-07-18}
}

@misc{jupyter,
  author = {Project Jupyter},
  title = {Project Jupyter},
  year = 2017,
  url = {www.jupyter.org},
  urldate = {2017-07-18}
}

@misc{fsunotes,
  author = {Forecasting \& Strategy Unit},
  title = {\textgreek{Σημειώσεις Μαθήματος Τεχνικών Προβλέψεων}},
  year = 2017,
  url = {www.fsu.gr/el/\textgreek{αρχεία-για-το-μάθημα}},
  urldate = {2017-07-18}
}

@misc{fpp,
  author = {Rob J Hyndman and George Athanasopoulos},
  title = {Forecasting: Principles and Practice},
  year = 2012,
  url = {https://www.otexts.org/fpp},
  urldate = {2017-07-18}
}


@article{MILLER2003669,
  title = {Shrinkage estimators of time series seasonal factors and their effect on forecasting accuracy},
  journal = {International Journal of Forecasting},
  volume = {19},
  number = {4},
  pages = {669 - 684},
  year = {2003},
  note = {},
  issn = {0169-2070},
  doi = {http://dx.doi.org/10.1016/S0169-2070(02)00077-8},
  url = {http://www.sciencedirect.com/science/article/pii/S0169207002000778},
  author = {Don M. Miller and Dan Williams},
  keywords = {Seasonality},
  keywords = {Time series},
  keywords = {Shrinkage estimators},
  keywords = {Empirical Bayes},
  keywords = {Classical decomposition}
}

@article{HOLT20045,
  title = {Forecasting seasonals and trends by exponentially weighted moving averages},
  journal = {International Journal of Forecasting},
  volume = {20},
  number = {1},
  pages = {5 - 10},
  year = {2004},
  note = {},
  issn = {0169-2070},
  doi = {http://dx.doi.org/10.1016/j.ijforecast.2003.09.015},
  url = {http://www.sciencedirect.com/science/article/pii/S0169207003001134},
  author = {Charles C. Holt},
  keywords = {Exponential smoothing},
  keywords = {Forecasting},
  keywords = {Local seasonals},
  keywords = {Local trends}
}

@article{DEGOOIJER2006443,
  title = {25 years of time series forecasting},
  journal = {International Journal of Forecasting},
  volume = {22},
  number = {3},
  pages = {443 - 473},
  year = {2006},
  note = {Twenty five years of forecasting},
  issn = {0169-2070},
  doi = {http://dx.doi.org/10.1016/j.ijforecast.2006.01.001},
  url = {http://www.sciencedirect.com/science/article/pii/S0169207006000021},
  author = {Jan G. De Gooijer and Rob J. Hyndman},
  keywords = {Accuracy measures},
  keywords = {ARCH},
  keywords = {ARIMA},
  keywords = {Combining},
  keywords = {Count data},
  keywords = {Densities},
  keywords = {Exponential smoothing},
  keywords = {Kalman filter},
  keywords = {Long memory},
  keywords = {Multivariate},
  keywords = {Neural nets},
  keywords = {Nonlinearity},
  keywords = {Prediction intervals},
  keywords = {Regime-switching},
  keywords = {Robustness},
  keywords = {Seasonality},
  keywords = {State space},
  keywords = {Structural models},
  keywords = {Transfer function},
  keywords = {Univariate},
  keywords = {VAR}
}

@article{HYNDMAN2006679,
  title = {Another look at measures of forecast accuracy},
  journal = {International Journal of Forecasting},
  volume = {22},
  number = {4},
  pages = {679 - 688},
  year = {2006},
  note = {},
  issn = {0169-2070},
  doi = {http://dx.doi.org/10.1016/j.ijforecast.2006.03.001},
  url = {http://www.sciencedirect.com/science/article/pii/S0169207006000239},
  author = {Rob J. Hyndman and Anne B. Koehler},
  keywords = {Forecast accuracy},
  keywords = {Forecast evaluation},
  keywords = {Forecast error measures},
  keywords = {M-competition},
  keywords = {Mean absolute scaled error}
}

@article{GARDNER2006637,
  title = {Exponential smoothing: The state of the art—Part II},
  journal = {International Journal of Forecasting},
  volume = {22},
  number = {4},
  pages = {637 - 666},
  year = {2006},
  note = {},
  issn = {0169-2070},
  doi = {http://dx.doi.org/10.1016/j.ijforecast.2006.03.005},
  url = {http://www.sciencedirect.com/science/article/pii/S0169207006000392},
  author = {Everette S. Gardner},
  keywords = {Time series—ARIMA, exponential smoothing, state-space models, identification, stability, invertibility, model selection},
  keywords = {Comparative methods—evaluation},
  keywords = {Intermittent demand},
  keywords = {Inventory control},
  keywords = {Prediction intervals},
  keywords = {Regression—discount weighted, kernel}
}

@article{BUNN1999431,
  title = {Comparison of seasonal estimation methods in multi-item short-term forecasting},
  journal = {International Journal of Forecasting},
  volume = {15},
  number = {4},
  pages = {431 - 443},
  year = {1999},
  note = {},
  issn = {0169-2070},
  doi = {http://dx.doi.org/10.1016/S0169-2070(99)00005-9},
  url = {http://www.sciencedirect.com/science/article/pii/S0169207099000059},
  author = {Derek W. Bunn and Angelos I. Vassilopoulos},
  keywords = {Combining},
  keywords = {Forecasting},
  keywords = {Product lines},
  keywords = {Seasonality}
}

@article{doi:10.1080/03610926.2011.560741,
  author = { Marcin   Kozak },
  title = {“A Dendrite Method for Cluster Analysis” by Caliński and Harabasz: A Classical Work that is Far Too Often Incorrectly Cited},
  journal = {Communications in Statistics - Theory and Methods},
  volume = {41},
  number = {12},
  pages = {2279-2280},
  year = {2012},
  doi = {10.1080/03610926.2011.560741},

  URL = { 
http://dx.doi.org/10.1080/03610926.2011.560741

  },
  eprint = { 
http://dx.doi.org/10.1080/03610926.2011.560741

  }

}


@article{Assimakopoulos2000,
  doi = {10.1016/s0169-2070(00)00066-2},
  url = {https://doi.org/10.1016/s0169-2070(00)00066-2},
  year  = {2000},
  month = {oct},
  publisher = {Elsevier {BV}},
  volume = {16},
  number = {4},
  pages = {521--530},
  author = {V. Assimakopoulos and K. Nikolopoulos},
  title = {The theta model: a decomposition approach to forecasting},
  journal = {International Journal of Forecasting}
}
