@book{petropoulos,
    title={Επιχειρησιακές Προβλέψεις},
    author={Φώτιος Πετρόπουλος, Βασίλειος Ασημακόπουλος},
    isbn={978-960-266-333-2},
    year={2011},
    publisher={Συμμετρία}
}
