@article{article,
author = {R. Winters, Peter},
year = {1960},
month = {04},
pages = {324-342},
title = {Forecasting Sales by Exponentially Weighted Moving Averages},
volume = {6},
booktitle = {Management Science}
}