@INPROCEEDINGS{Ester96adensity-based,
    author = {Martin Ester and Hans-Peter Kriegel and JÃ¶rg Sander and Xiaowei Xu},
    title = {A density-based algorithm for discovering clusters in large spatial databases with noise},
    booktitle = {},
    year = {1996},
    pages = {226--231},
    publisher = {AAAI Press}
}
