@article {FOR:FOR3980040103,
author = {Gardner, Everette S.},
title = {Exponential smoothing: The state of the art},
journal = {Journal of Forecasting},
volume = {4},
number = {1},
publisher = {John Wiley & Sons, Ltd.},
issn = {1099-131X},
url = {http://dx.doi.org/10.1002/for.3980040103},
doi = {10.1002/for.3980040103},
pages = {1--28},
keywords = {Bibliography—exponential smoothing, Comparative methods—ARIMA, exponential smoothing, Control charts—CUSUM, Evaluation—forecast monitoring systems, exponential smoothing, adaptive, Exponential smoothing—adaptive, coefficient choice, higher-order, review, theory, Seasonality—estimation, harmonics Tracking signal—methodology, Use—inventory control},
year = {1985},
}


