@online{NumPy,
  author = {NumPy Developers},
  title = {NumPy},
  year = 2017,
  url = {www.numpy.org},
  urldate = {2017-07-18}
}

@online{Pandas,
  author = {Lambda Foundry, Inc. and PyData Development Team},
  title = {Pandas},
  year = 2017,
  url = {http://pandas.pydata.org/},
  urldate = {2017-07-18}
}

@online{scikit-learn,
  author = {scikit-learn developers},
  title = {scikit-learn},
  year = 2017,
  url = {www.scikit-learn.org},
  urldate = {2017-07-18}
}

@online{Matplotlib,
  author = {Matplotlib Development Team (“MDT”)},
  title = {Matplotlib},
  year = 2017,
  url = {www.matplotlib.org},
  urldate = {2017-07-18}
}

@online{Jupyter,
  author = {Project Jupyter},
  title = {Project Jupyter},
  year = 2017,
  url = {www.jupyter.org},
  urldate = {2017-07-18}
}

@online{FSUnotes,
  author = {Forecasting & Strategy Unit},
  title = {Σημειώσεις Μαθήματος Τεχνικών Προβλέψεων},
  year = 2017,
  url = {www.fsu.gr/el/αρχεία-για-το-μάθημα},
  urldate = {2017-07-18}
}

@online{Fpp,
  author = {Rob J Hyndman, George Athanasopoulos},
  title = {Forecasting: Principles and Practice},
  year = 2012,
  url = {https://www.otexts.org/fpp},
  urldate = {2017-07-18}
}










