@article{HYNDMAN2006679,
title = "Another look at measures of forecast accuracy",
journal = "International Journal of Forecasting",
volume = "22",
number = "4",
pages = "679 - 688",
year = "2006",
note = "",
issn = "0169-2070",
doi = "http://dx.doi.org/10.1016/j.ijforecast.2006.03.001",
url = "http://www.sciencedirect.com/science/article/pii/S0169207006000239",
author = "Rob J. Hyndman and Anne B. Koehler",
keywords = "Forecast accuracy",
keywords = "Forecast evaluation",
keywords = "Forecast error measures",
keywords = "M-competition",
keywords = "Mean absolute scaled error"
}