@article{GARDNER2006637,
title = "Exponential smoothing: The state of the art—Part II",
journal = "International Journal of Forecasting",
volume = "22",
number = "4",
pages = "637 - 666",
year = "2006",
note = "",
issn = "0169-2070",
doi = "http://dx.doi.org/10.1016/j.ijforecast.2006.03.005",
url = "http://www.sciencedirect.com/science/article/pii/S0169207006000392",
author = "Everette S. Gardner",
keywords = "Time series—ARIMA, exponential smoothing, state-space models, identification, stability, invertibility, model selection",
keywords = "Comparative methods—evaluation",
keywords = "Intermittent demand",
keywords = "Inventory control",
keywords = "Prediction intervals",
keywords = "Regression—discount weighted, kernel"
}