@article{MILLER2003669,
title = "Shrinkage estimators of time series seasonal factors and their effect on forecasting accuracy",
journal = "International Journal of Forecasting",
volume = "19",
number = "4",
pages = "669 - 684",
year = "2003",
note = "",
issn = "0169-2070",
doi = "http://dx.doi.org/10.1016/S0169-2070(02)00077-8",
url = "http://www.sciencedirect.com/science/article/pii/S0169207002000778",
author = "Don M. Miller and Dan Williams",
keywords = "Seasonality",
keywords = "Time series",
keywords = "Shrinkage estimators",
keywords = "Empirical Bayes",
keywords = "Classical decomposition"
}