@article{BUNN1999431,
title = "Comparison of seasonal estimation methods in multi-item short-term forecasting",
journal = "International Journal of Forecasting",
volume = "15",
number = "4",
pages = "431 - 443",
year = "1999",
note = "",
issn = "0169-2070",
doi = "http://dx.doi.org/10.1016/S0169-2070(99)00005-9",
url = "http://www.sciencedirect.com/science/article/pii/S0169207099000059",
author = "Derek W. Bunn and Angelos I. Vassilopoulos",
keywords = "Combining",
keywords = "Forecasting",
keywords = "Product lines",
keywords = "Seasonality"
}