@article{einstein,
    author        = {Albert Einstein},
    title         = {Zur Elektrodynamik bewegter K{\"o}rper. (German) [On the electrodynamics of moving bodies]},
    journaltitle  = {Annalen der Physik},
    year          = {1905},
    volume        = {322},
    number        = {10},
    pages         = {891-921},
    doi           = {http://dx.doi.org/10.1002/andp.19053221004}
}

@online{mathworkstrend,
    author        = {Mathworks},
    title         = {Parametric Trend Estimation},
    year          = {2017},
    url           = {https://www.mathworks.com/help/econ/parametric-trend-estimation.html}
}

@book{timeseriesanalysis,
    author        = {George E. P. Box, Gwilym M. Jenkins, Gregory C. Reinsel and Greta M. Ljung},
    title         = {Time Series Analysis: Forecasting and Control},
    year          = {2016},
    publisher     = {Wiley},
    location      = {New Jersey}
}

@online{stationarity,
    author        = {Rob J. Hyndman and George Athanasopoulos},
    title         = {Forecasting: principles and practice},
    year          = {2012},
    url           = {https://www.otexts.org/fpp}
}