@inproceedings{inproceeding,
	author = {Some author et al.},
	title = {Name of citation},
	booktitle = {Proceedings of the 99th ACM Symposium on
		Something (POPL'99)},
	year = {9999},
	pages = {999--999},
	publisher = {Nine}
}

@misc{misc_citation,
	key = {misc_citation},
	title = {Misc Citation},
	url = {http://www.example.org},
	howpublished = {\url{http://www.example.org}}
}

================================================================================

BiBTeX Entries:

article{,
	author    = {},
	title     = {{}},
	journal   = {},
	year      = {},
	month     = {},
	volume    = {},
	number    = {},
	pages     = {},
	publisher = {},
}

inproceedings{,
	author       = {},
	title        = {{}},
	booktitle    = {},
	year         = {},
	month        = {},
	pages        = {},
	location     = {},
	organization = {},
	series       = {},
	volume       = {},
	publisher    = {},
}

incollection{,
	author    = {},
	title     = {{}},
	booktitle = {},
	series    = {},
	volume    = {},
	pages     = {},
	year      = {},
	month     = {},
	editor    = {},
	publisher = {},
}

phdthesis{,
	author = {},
	title  = {{}},
	school = {},
	year   = {},
	month  = {},
}

book:
* author or editor, title, publisher, year
volume or number, series, address, edition, month, note
misc:
* none
author, title, howpublished, month, year, note
phdthesis:
* author, title, school, year
type, address, month, note

